<mx:record xmlns="http://www.w3.org/TR/xhtml1/strict" xmlns:mx="http://www.loc.gov/MARC21/slim" xmlns:xsi="http://www.w3.org/2001/XMLSchema-instance"><mx:leader>00037cz  2200037n  45 0</mx:leader><mx:controlfield tag="001">oca00238365 </mx:controlfield><mx:controlfield tag="005">20090307071939.0</mx:controlfield><mx:controlfield tag="008">790119n| acannaabn          |b aaa      </mx:controlfield><mx:datafield ind1=" " ind2=" " tag="010"><mx:subfield code="a">n  79004182</mx:subfield></mx:datafield><mx:datafield ind1=" " ind2=" " tag="040"><mx:subfield code="a">DLC</mx:subfield><mx:subfield code="b">eng</mx:subfield><mx:subfield code="c">DLC</mx:subfield><mx:subfield code="d">DLC</mx:subfield><mx:subfield code="d">DLC-R</mx:subfield><mx:subfield code="d">DLC</mx:subfield><mx:subfield code="d">CU-S</mx:subfield><mx:subfield code="d">DLC</mx:subfield><mx:subfield code="d">SG-SiILA</mx:subfield><mx:subfield code="d">DLC-R</mx:subfield><mx:subfield code="d">OCoLC</mx:subfield><mx:subfield code="d">UPB</mx:subfield></mx:datafield><mx:datafield ind1="0" ind2=" " tag="100"><mx:subfield code="a">Aristotle</mx:subfield></mx:datafield><mx:datafield ind1="0" ind2=" " tag="400"><mx:subfield code="a">Aristo</mx:subfield></mx:datafield><mx:datafield ind1="0" ind2=" " tag="400"><mx:subfield code="a">Arystoteles</mx:subfield></mx:datafield><mx:datafield ind1="0" ind2=" " tag="400"><mx:subfield code="a">Aristotel</mx:subfield></mx:datafield><mx:datafield ind1="0" ind2=" " tag="400"><mx:subfield code="a">Aristote</mx:subfield></mx:datafield><mx:datafield ind1="0" ind2=" " tag="400"><mx:subfield code="a">Ya-li-ssu-to-te</mx:subfield></mx:datafield><mx:datafield ind1="0" ind2=" " tag="400"><mx:subfield code="a">Yalisiduode</mx:subfield></mx:datafield><mx:datafield ind1="0" ind2=" " tag="400"><mx:subfield code="a">Arisṭūṭālīs</mx:subfield></mx:datafield><mx:datafield ind1="0" ind2=" " tag="400"><mx:subfield code="w">nna</mx:subfield><mx:subfield code="a">Aristoteles</mx:subfield></mx:datafield><mx:datafield ind1="0" ind2=" " tag="400"><mx:subfield code="a">Ya-li-shih-to-te</mx:subfield></mx:datafield><mx:datafield ind1="0" ind2=" " tag="400"><mx:subfield code="a">Yalishiduode</mx:subfield></mx:datafield><mx:datafield ind1="0" ind2=" " tag="400"><mx:subfield code="a">Aristotele</mx:subfield></mx:datafield><mx:datafield ind1="0" ind2=" " tag="400"><mx:subfield code="a">Aristòtil</mx:subfield></mx:datafield><mx:datafield ind1="0" ind2=" " tag="400"><mx:subfield code="a">Arisutoteresu</mx:subfield></mx:datafield><mx:datafield ind1="0" ind2=" " tag="400"><mx:subfield code="a">Aristóteles,</mx:subfield><mx:subfield code="c">de Estagira</mx:subfield></mx:datafield><mx:datafield ind1="0" ind2=" " tag="400"><mx:subfield code="a">Arisṭū</mx:subfield></mx:datafield><mx:datafield ind1="0" ind2=" " tag="400"><mx:subfield code="a">Aristotile</mx:subfield></mx:datafield><mx:datafield ind1="0" ind2=" " tag="400"><mx:subfield code="a">Arisṭāṭṭil</mx:subfield></mx:datafield><mx:datafield ind1="0" ind2=" " tag="400"><mx:subfield code="a">אריםטו</mx:subfield></mx:datafield><mx:datafield ind1="0" ind2=" " tag="400"><mx:subfield code="a">אריסטו</mx:subfield></mx:datafield><mx:datafield ind1="0" ind2=" " tag="400"><mx:subfield code="a">אריסטוטלוס</mx:subfield></mx:datafield><mx:datafield ind1="0" ind2=" " tag="400"><mx:subfield code="a">אריסטוטליס</mx:subfield></mx:datafield><mx:datafield ind1="0" ind2=" " tag="400"><mx:subfield code="a">אריסטוטלס</mx:subfield></mx:datafield><mx:datafield ind1="0" ind2=" " tag="400"><mx:subfield code="a">ארסטו</mx:subfield></mx:datafield><mx:datafield ind1="0" ind2=" " tag="400"><mx:subfield code="a">أرسطاطاليس</mx:subfield></mx:datafield><mx:datafield ind1="0" ind2=" " tag="400"><mx:subfield code="a">أرسططاليس</mx:subfield></mx:datafield><mx:datafield ind1="0" ind2=" " tag="400"><mx:subfield code="a">أرسطو</mx:subfield></mx:datafield><mx:datafield ind1="0" ind2=" " tag="400"><mx:subfield code="a">أرسطوطالس</mx:subfield></mx:datafield><mx:datafield ind1="0" ind2=" " tag="400"><mx:subfield code="a">أرسطوطاليس</mx:subfield></mx:datafield><mx:datafield ind1="0" ind2=" " tag="400"><mx:subfield code="a">ابن رشد</mx:subfield></mx:datafield><mx:datafield ind1="0" ind2=" " tag="400"><mx:subfield code="a">اريسطو</mx:subfield></mx:datafield><mx:datafield ind1="0" ind2=" " tag="400"><mx:subfield code="a">Ἀριστοτέλης</mx:subfield></mx:datafield><mx:datafield ind1=" " ind2=" " tag="667"><mx:subfield code="a">Machine-derived non-Latin script reference project.</mx:subfield></mx:datafield><mx:datafield ind1=" " ind2=" " tag="667"><mx:subfield code="a">Non-Latin script references not evaluated.</mx:subfield></mx:datafield><mx:datafield ind1=" " ind2=" " tag="670"><mx:subfield code="a">Pereira, A. F. História da filos. do direito das orig. a Arist., 1980:</mx:subfield><mx:subfield code="b">t.p. (Aristóteles)</mx:subfield></mx:datafield><mx:datafield ind1=" " ind2=" " tag="670"><mx:subfield code="a">Ya-li-shih-to-te hsing shih lo chi yen lun hsüan pien, 1984.</mx:subfield></mx:datafield><mx:datafield ind1=" " ind2=" " tag="670"><mx:subfield code="a">Calabi, F. La città dell&amp;#039;oikos, 1984:</mx:subfield><mx:subfield code="b">t.p. (Aristotele)</mx:subfield></mx:datafield><mx:datafield ind1=" " ind2=" " tag="670"><mx:subfield code="a">Prevosti Monclús, A. La fisica d&amp;#039;Aristòtil, 1984?:</mx:subfield><mx:subfield code="b">t.p. (Aristòtil)</mx:subfield></mx:datafield><mx:datafield ind1=" " ind2=" " tag="670"><mx:subfield code="a">His ʻAl ha-nefesh, c1989:</mx:subfield><mx:subfield code="b">t.p. (Arisṭo)</mx:subfield></mx:datafield><mx:datafield ind1=" " ind2=" " tag="670"><mx:subfield code="a">His Arisutoteresu zenshū, 1971- :</mx:subfield><mx:subfield code="b">v. 1, t.p. (Arisutoteresu [Japanese reading])</mx:subfield></mx:datafield><mx:datafield ind1=" " ind2=" " tag="670"><mx:subfield code="a">His Politeia, 1989:</mx:subfield><mx:subfield code="b">t.p. (Aristóteles, de Estagira)</mx:subfield></mx:datafield><mx:datafield ind1=" " ind2=" " tag="670"><mx:subfield code="a">Ḥusayn Ṭabāṭabāʼī, M. al-Mufakkirūn al-Muslimūn fī muwājahat al-manṭiq al-Yūnānī, 1990:</mx:subfield><mx:subfield code="b">t.p. (Arisṭū)</mx:subfield></mx:datafield><mx:datafield ind1=" " ind2=" " tag="670"><mx:subfield code="a">His Rettorica et poetica d&amp;#039;Aristotile, 1549.</mx:subfield></mx:datafield><mx:datafield ind1=" " ind2=" " tag="670"><mx:subfield code="a">SILAS, Mar. 26, 2006</mx:subfield><mx:subfield code="b">(hdg.: Aristotle; usage: Arisṭāṭṭil)</mx:subfield></mx:datafield><mx:datafield ind1=" " ind2=" " tag="670"><mx:subfield code="a">Thesaurus linguae graecae, 6 March 2009</mx:subfield><mx:subfield code="b">(Ἀριστοτέλης)</mx:subfield></mx:datafield><mx:datafield ind1=" " ind2=" " tag="999"><mx:subfield code="a">62521505</mx:subfield></mx:datafield></mx:record>